<record><leader>00000cas a2200000 a 4500</leader><controlfield tag="001">31745019</controlfield><controlfield tag="008">941227d19511952nyuwr ne      0    0eng c</controlfield><datafield ind1=" " ind2=" " tag="010"><subfield code="a">sn 99071050 </subfield><subfield code="z">sn 95071049 </subfield></datafield><datafield ind1=" " ind2=" " tag="040"><subfield code="a">NYS</subfield><subfield code="b">eng</subfield><subfield code="c">NYS</subfield><subfield code="d">DLC</subfield><subfield code="d">OCLCQ</subfield><subfield code="d">OCLCF</subfield><subfield code="d">OCLCO</subfield></datafield><datafield ind1="1" ind2=" " tag="029"><subfield code="a">AU@</subfield><subfield code="b">000020123987</subfield></datafield><datafield ind1=" " ind2=" " tag="042"><subfield code="a">pcc</subfield></datafield><datafield ind1=" " ind2=" " tag="043"><subfield code="a">n-us-ny</subfield></datafield><datafield ind1="0" ind2=" " tag="130"><subfield code="a">Gateway (Floral Park, N.Y. : 1951)</subfield></datafield><datafield ind1="1" ind2="4" tag="245"><subfield code="a">The gateway.</subfield></datafield><datafield ind1="3" ind2="0" tag="246"><subfield code="a">Gateway and the trading post</subfield></datafield><datafield ind1="1" ind2="3" tag="246"><subfield code="a">Floral Park gateway</subfield></datafield><datafield ind1=" " ind2=" " tag="260"><subfield code="a">Floral Park, N.Y. :</subfield><subfield code="b">Gateway and the Trading Post, Inc.</subfield></datafield><datafield ind1=" " ind2=" " tag="300"><subfield code="a">v. :</subfield><subfield code="b">ill.</subfield></datafield><datafield ind1=" " ind2=" " tag="310"><subfield code="a">Weekly</subfield></datafield><datafield ind1="1" ind2=" " tag="362"><subfield code="a">Began in Aug. 1951; ceased in Nov. 1952.</subfield></datafield><datafield ind1=" " ind2=" " tag="500"><subfield code="a">"The Official paper of Floral Park, Bellerose, South Floral Park and Stewart Manor."</subfield></datafield><datafield ind1=" " ind2=" " tag="588"><subfield code="a">Description based on: Vol. 16, no. 34 (Aug. 23, 1951).</subfield></datafield><datafield ind1=" " ind2=" " tag="588"><subfield code="a">Latest issue consulted: Vol. 17, no. 45 (Nov. 6, 1952).</subfield></datafield><datafield ind1=" " ind2="0" tag="651"><subfield code="a">Floral Park (N.Y.)</subfield><subfield code="v">Newspapers.</subfield></datafield><datafield ind1=" " ind2="0" tag="651"><subfield code="a">Bellerose (Nassau County, N.Y.)</subfield><subfield code="v">Newspapers.</subfield></datafield><datafield ind1=" " ind2="0" tag="651"><subfield code="a">South Floral Park (N.Y.)</subfield><subfield code="v">Newspapers.</subfield></datafield><datafield ind1=" " ind2="0" tag="651"><subfield code="a">Stewart Manor (N.Y.)</subfield><subfield code="v">Newspapers.</subfield></datafield><datafield ind1=" " ind2="0" tag="651"><subfield code="a">Nassau County (N.Y.)</subfield><subfield code="v">Newspapers.</subfield></datafield><datafield ind1=" " ind2="7" tag="655"><subfield code="a">Newspapers.</subfield><subfield code="2">fast</subfield><subfield code="0">(OCoLC)fst01423814</subfield></datafield><datafield ind1=" " ind2="7" tag="651"><subfield code="a">New York (State)</subfield><subfield code="z">Bellerose (Nassau County)</subfield><subfield code="2">fast</subfield><subfield code="0">(OCoLC)fst01319486</subfield></datafield><datafield ind1=" " ind2="7" tag="651"><subfield code="a">New York (State)</subfield><subfield code="z">Floral Park.</subfield><subfield code="2">fast</subfield><subfield code="0">(OCoLC)fst01233337</subfield></datafield><datafield ind1=" " ind2="7" tag="651"><subfield code="a">New York (State)</subfield><subfield code="z">Nassau County.</subfield><subfield code="2">fast</subfield><subfield code="0">(OCoLC)fst01205518</subfield></datafield><datafield ind1=" " ind2="7" tag="651"><subfield code="a">New York (State)</subfield><subfield code="z">South Floral Park.</subfield><subfield code="2">fast</subfield><subfield code="0">(OCoLC)fst01259838</subfield></datafield><datafield ind1=" " ind2="7" tag="651"><subfield code="a">New York (State)</subfield><subfield code="z">Stewart Manor.</subfield><subfield code="2">fast</subfield><subfield code="0">(OCoLC)fst01259837</subfield></datafield><datafield ind1=" " ind2=" " tag="752"><subfield code="a">United States</subfield><subfield code="b">New York</subfield><subfield code="c">Nassau</subfield><subfield code="d">Floral Park.</subfield></datafield><datafield ind1="0" ind2="0" tag="785"><subfield code="t">Gateway and the trading post (Floral Park, N.Y. : 1952)</subfield><subfield code="w">(DLC)sn 99067202</subfield><subfield code="w">(OCoLC)40412071</subfield></datafield></record>